@article{avsec2021effective,
  title={Effective gene expression prediction from sequence by integrating long-range interactions},
  author={Avsec, {\v{Z}}iga and others},
  journal={Nature Methods},
  volume={18},
  number={10},
  pages={1196--1203},
  year={2021},
  publisher={Nature Publishing Group}
}
